<record><leader>00000cas a22000007a 4500</leader><controlfield tag="001">11958651</controlfield><controlfield tag="008">850424c19659999wiuwr ne      0    0eng d</controlfield><datafield ind1=" " ind2=" " tag="010"><subfield code="a">sn 85040556 </subfield></datafield><datafield ind1=" " ind2=" " tag="040"><subfield code="a">NPV</subfield><subfield code="b">eng</subfield><subfield code="c">NPV</subfield><subfield code="d">OCLCQ</subfield></datafield><datafield ind1=" " ind2=" " tag="032"><subfield code="a">207580</subfield></datafield><datafield ind1=" " ind2=" " tag="042"><subfield code="a">msc</subfield></datafield><datafield ind1=" " ind2=" " tag="045"><subfield code="a">x6--</subfield></datafield><datafield ind1=" " ind2=" " tag="052"><subfield code="a">4123</subfield><subfield code="b">M6</subfield><subfield code="b">O9</subfield></datafield><datafield ind1="0" ind2=" " tag="130"><subfield code="a">Fox Point-Bayside-River Hills herald (Shorewood, Wis. : 1965)</subfield></datafield><datafield ind1="1" ind2="0" tag="245"><subfield code="a">Fox Point-Bayside-River Hills herald.</subfield></datafield><datafield ind1="3" ind2="0" tag="246"><subfield code="a">Fox Point-Bayside-River Hills Glendale Brown Deer Shorewood Whitefish Bay herald</subfield></datafield><datafield ind1="3" ind2="0" tag="246"><subfield code="a">Bayside Fox Point River Hills herald</subfield></datafield><datafield ind1=" " ind2=" " tag="260"><subfield code="a">Shorewood, Wis. :</subfield><subfield code="b">North Shore Pub.,</subfield><subfield code="c">1965-</subfield></datafield><datafield ind1=" " ind2=" " tag="300"><subfield code="a">v. :</subfield><subfield code="b">ill.</subfield></datafield><datafield ind1=" " ind2=" " tag="310"><subfield code="a">Weekly</subfield></datafield><datafield ind1="0" ind2=" " tag="362"><subfield code="a">Vol. 7, no. 42 (Nov. 18, 1965)-v. 22, no. 38 (Sept. 22, 1977) ; 19th year, no. 39 (Sept. 29, 1977)-</subfield></datafield><datafield ind1=" " ind2=" " tag="500"><subfield code="a">Title varies: Fox Point-Bayside-River Hills Glendale Brown Deer Shorewood Whitefish Bay herald, Sept. 14-Oct. 5, 1972; Bayside Fox Point River Hills herald, Feb. 16-June 14, 1984.</subfield></datafield><datafield ind1=" " ind2=" " tag="530"><subfield code="a">Available on microfilm from The State Historical Society of Wisconsin.</subfield></datafield><datafield ind1=" " ind2=" " tag="752"><subfield code="a">United States</subfield><subfield code="b">Wisconsin</subfield><subfield code="c">Milwaukee</subfield><subfield code="d">Shorewood.</subfield></datafield><datafield ind1=" " ind2=" " tag="752"><subfield code="a">United States</subfield><subfield code="b">Wisconsin</subfield><subfield code="c">Milwaukee</subfield><subfield code="d">Fox Point.</subfield></datafield><datafield ind1=" " ind2=" " tag="752"><subfield code="a">United States</subfield><subfield code="b">Wisconsin</subfield><subfield code="c">Milwaukee</subfield><subfield code="d">Bayside.</subfield></datafield><datafield ind1=" " ind2=" " tag="752"><subfield code="a">United States</subfield><subfield code="b">Wisconsin</subfield><subfield code="c">Ozaukee</subfield><subfield code="d">Bayside.</subfield></datafield><datafield ind1=" " ind2=" " tag="752"><subfield code="a">United States</subfield><subfield code="b">Wisconsin</subfield><subfield code="c">Milwaukee</subfield><subfield code="d">River Hills.</subfield></datafield><datafield ind1="0" ind2="0" tag="780"><subfield code="t">Fox Point-Bayside herald (Shorewood, Wis. : 1963)</subfield><subfield code="w">(DLC)sn 85040555</subfield></datafield></record>